@article{crospol,
    author={{I}vanov, {G}rigory},
    title={Projections of the cross-polytope and related isotropic measures},
    journal={ArXiv e-prints},
    year={2018},
    month="Aug",
	day="28"
}

@article{zonotop,
    author={{I}vanov, {G}rigory},
    title={Maximization of the volume of zonotopes},
    journal={ArXiv e-prints},
    year={2018},
    month="May",
	day="15"
}

@article{hyperbarthe,
    author={{B}arthe, {F}rank and {N}aor {A}},
    title={Hyperplane projections of the unit ball of $\ell_p^n$},
    journal={Discrete and Computational Geometry},
    year={2018},
    month="May",
  day="15"
}


@Article{ellips,
  author="{I}vanov, {G}rigory",
  title="On the Volume of the {J}ohn--{L}{\"o}wner Ellipsoid",
  journal="Discrete {\&} Computational Geometry",
  year="2019",
  month="Feb",
  day="19",
  issn="1432-0444",
  doi="10.1007/s00454-019-00071-4",
  url="https://doi.org/10.1007/s00454-019-00071-4"
}

@article{vaaler,
  Title                    = {A geometric inequality with applications to linear forms},
  Author                   = {{V}aaler, {J}effrey},
  Journal                  = {Pacific Journal of Mathematics},
  Year                     = {1979},
  Number                   = {2},
  Pages                    = {543--553},
  Volume                   = {83},
  Publisher                = {Mathematical Sciences Publishers}
}

@article{ball,
  Title                    = {Ellipsoids of maximal volume in convex bodies},
  Author                   = {{B}all, {K}eith},
  Journal                  = {Geometriae Dedicata},
  Publisher                = {Springer},
  Year                     = {1992},
  Number                   = {2},
  Pages                    = {241--250},
  Volume                   = {41},
  Publisher                = {Springer}
}

@article{ballvolumes,
  Title                    = {Volumes of sections of cubes and related problems},
  Author                   = {{B}all, {K}eith},
  Journal                  = {Geometric aspects of functional analysis},
  Year                     = {1989},
  Publisher                = {Springer},
  Pages                    = {251--260},
  Publisher                = {Springer}
}

@article{john,
    author={{J}ohn, {F}.},
    title={Extremum problems with inequalities as subsidiary conditions},
    journal={Studies and Essays Presented to R. Courant on his 60th Birthday},
    year={1948},
    month="Jan",
    day="8"   
}

@article{Rimon1997,
	author="{R}imon, {E}lon	and {B}oyd, {S}tephen P.",
	title="Obstacle Collision Detection Using Best Ellipsoid Fit",
	journal="Journal of Intelligent and Robotic Systems",
	year="1997",
	month="Feb",
	day="01",
	volume="18",
	number="2",
	pages="105--126"
}

@Book{gruber,
  Title                    = {Convex and Discrete Geometry},
  Author                   = {{G}ruber, {P}eter {M}.},
  Publisher                = {Springer Berlin Heidelberg},
  Year                     = {2007},
  Owner                    = {Toshiba},
  Pages                    = {578},
  Timestamp                = {2014.09.21}
}

@article{barthe,
  Title                    = {On a reverse form of the {B}rascamp-{L}ieb inequality},
  Author                   = {{B}arthe, {F}ranck},
  Journal                  = {Inventiones mathematicae},
  Publisher                = {Springer},
  Year                     = {1998},
  Number                   = {2},
  Pages                    = {335--361},
  Volume                   = {134}
}
