% Encoding: UTF-8


@Article{Serb_DayNord,
  Title                    = {A {D}ay-{N}ordlander Theorem for the Tangential Modulus of a Normed space},
  Author                   = {\c{S}erb, I.},
  Journal                  = {J. Math. Anal. Appl.},
  Year                     = {1997},
  Pages                    = {381-391},
  Volume                   = {209},

  Owner                    = {grigory},
  Timestamp                = {2016.08.24}
}

@Article{Alexandroff1928,
  Title                    = {Uber den allgemeinen Dimensionsbegriff und seine Beziehungen zur elementaren geometrischen Anschauung},
  Author                   = {Alexandroff, P.},
  Journal                  = {Mathematische Annalen},
  Year                     = {1928},
  Pages                    = {617-635},
  Volume                   = {98},

  Owner                    = {grigory},
  Timestamp                = {2016.08.24}
}

@Article{AlonsoBenitez,
  Title                    = {Some characteristic and Non-characteristic Properties of Inner Product Spaces},
  Author                   = {Alonso, J. and Benitez, C.},
  Journal                  = {J. Approx. Theory},
  Year                     = {1988},
  Pages                    = {318-325},
  Volume                   = {55},

  Owner                    = {grigory},
  Timestamp                = {2016.08.24}
}

@Article{MartiniAlonsoSpirova_enclosing_disk,
  Title                    = {Minimal enclosing discs, circumcircles, and circumcenters in normed planes, \uppercase{II}},
  Author                   = {Alonso, J. and Martini, H. and Spirova, M.},
  Journal                  = {Comput. Geom.},
  Year                     = {2012},
  Number                   = {7},
  Pages                    = {350-369},
  Volume                   = {45},

  Owner                    = {grigory},
  Timestamp                = {2016.08.24}
}

@Article{AlonsoMartiniWu_birkhoff_orthogonality,
  Title                    = {On {B}irkhoff orthogonality and isosceles orthogonality in normed linear spaces},
  Author                   = {Alonso, J. and Martini, H. and Wu, S.},
  Journal                  = {Aequationes Math.},
  Year                     = {2012},
  Number                   = {1-2},
  Pages                    = {153–189},
  Volume                   = {83},

  Owner                    = {grigory},
  Timestamp                = {2016.08.24}
}

@Book{amir_char_inner_pr_sp,
  Title                    = {Characterizations of {I}nner {P}roduct {S}paces},
  Author                   = {Amir, D.},
  Publisher                = {Basel: Birkh{\"a}user Verlag},
  Year                     = {1986},

  Owner                    = {grigory},
  Timestamp                = {2016.09.02}
}

@Article{Asplund,
  Title                    = {Averaged norms},
  Author                   = {Asplund, E.},
  Journal                  = {Israel J. Math.},
  Year                     = {1967},
  Pages                    = {227-233},
  Volume                   = {5},

  Owner                    = {Toshiba},
  Timestamp                = {2014.09.23}
}

@Article{Balashov2009,
  Title                    = {Weakly convex and proximally smooth sets in Banach spaces},
  Author                   = {Balashov, M. V. and Ivanov, G. E.},
  Journal                  = { Izv. RAN. Ser. Mat.},
  Year                     = {2009},
  Number                   = {3},
  Pages                    = {23--66},
  Volume                   = {73},

  Owner                    = {grigory},
  Timestamp                = {2016.08.24}
}

@Article{Balashov2010,
  Title                    = { Weakly convex sets and modulus of nonconvexity},
  Author                   = {Balashov, M. V. and Repovs, D.},
  Journal                  = {Journal of Mathematical Analysis and Applications},
  Year                     = {2010},
  Pages                    = {113-127},
  Volume                   = {371},

  Owner                    = {grigory},
  Timestamp                = {2016.08.24}
}

@Article{ball2001convex,
  Title                    = {Convex geometry and functional analysis},
  Author                   = {Ball, Keith},
  Journal                  = {Handbook of the geometry of Banach spaces},
  Year                     = {2001},
  Pages                    = {161--194},
  Volume                   = {1},

  Publisher                = {Elsevier Health Sciences}
}

@Article{ball1995mahler,
  Title                    = {Mahler's conjecture and wavelets},
  Author                   = {Ball, Keith},
  Journal                  = {Discrete \& Computational Geometry},
  Year                     = {1995},
  Number                   = {1},
  Pages                    = {271--277},
  Volume                   = {13},

  Publisher                = {Springer}
}

@Article{ball1992ellipsoids,
  Title                    = {Ellipsoids of maximal volume in convex bodies},
  Author                   = {Ball, Keith},
  Journal                  = {Geometriae Dedicata},
  Year                     = {1992},
  Number                   = {2},
  Pages                    = {241--250},
  Volume                   = {41},

  Publisher                = {Springer}
}

@Article{ball1991shadows,
  Title                    = {Shadows of convex bodies},
  Author                   = {Ball, Keith},
  Journal                  = {Transactions of the American Mathematical Society},
  Year                     = {1991},
  Number                   = {2},
  Pages                    = {891--901},
  Volume                   = {327}
}

@Article{ball1989volumes,
  Title                    = {Volumes of sections of cubes and related problems},
  Author                   = {Ball, Keith},
  Journal                  = {Geometric aspects of functional analysis},
  Year                     = {1989},
  Pages                    = {251--260},

  Publisher                = {Springer}
}

@Article{Banass1,
  Title                    = {On moduli of smoothness of {B}anach spaces},
  Author                   = {Bana{\'s}, J.},
  Journal                  = {Bull. Pol. Acad. Sci., Math.},
  Year                     = {1986},
  Pages                    = {287-293},
  Volume                   = {34},

  Owner                    = {grigory},
  Timestamp                = {2016.08.24}
}

@Article{Banas2,
  Title                    = {Deformation of {B}anach spaces},
  Author                   = {Bana{\'s}, J. and Fr{\k{a}}czek, K.},
  Journal                  = {Comment. Math. Univ. Carolinae},
  Year                     = {1993},
  Pages                    = {47-53},
  Volume                   = {34},

  Owner                    = {grigory},
  Timestamp                = {2016.08.24}
}

@Article{banas1990convexity,
  Title                    = {On convexity and smoothness of {B}anach space},
  Author                   = {Bana{\'s}, J. and Hajnosz, A. and W{\k{e}}drychowicz, S.},
  Journal                  = {Commentationes Mathematicae Universitatis Carolinae},
  Year                     = {1990},
  Number                   = {3},
  Pages                    = {445--452},
  Volume                   = {31},

  Owner                    = {grigory},
  Publisher                = {Charles University in Prague, Faculty of Mathematics and Physics},
  Timestamp                = {2016.08.24}
}

@Article{banas1997functions,
  Title                    = {Functions related to convexity and smoothness of normed spaces},
  Author                   = {Bana{\'s}, J. and Rzepka, B.},
  Journal                  = {Rendiconti del Circolo Matematico di Palermo},
  Year                     = {1997},
  Number                   = {3},
  Pages                    = {395--424},
  Volume                   = {46},

  Owner                    = {grigory},
  Publisher                = {Springer},
  Timestamp                = {2016.08.24}
}

@Article{onmoduli_Banas,
  Title                    = {Convexity, smoothness and moduli},
  Author                   = {Baronti, M. and Papini, P.L.},
  Journal                  = {Nonlinear Analysis: Theory, Methods \& Applications},
  Year                     = {2009},
  Number                   = {6},
  Pages                    = {2457-2465},
  Volume                   = {70},

  Owner                    = {Toshiba},
  Timestamp                = {2014.09.23}
}

@Article{barthe1998reverse,
  Title                    = {On a reverse form of the {B}rascamp-{L}ieb inequality},
  Author                   = {Barthe, Franck},
  Journal                  = {Inventiones mathematicae},
  Year                     = {1998},
  Number                   = {2},
  Pages                    = {335--361},
  Volume                   = {134},

  Publisher                = {Springer}
}

@Article{barthe2002hyperplane,
  Title                    = {Hyperplane projections of the unit ball of $\ell_p^n$},
  Author                   = {Barthe, Franck and Naor, A},
  Journal                  = {Discrete \& Computational Geometry},
  Year                     = {2002},
  Number                   = {2},
  Pages                    = {215--226},
  Volume                   = {27},

  Publisher                = {Springer}
}

@Book{Barvinok2002,
  Title                    = {A Course in Convexity},
  Author                   = {Barvinok, A.},
  Publisher                = {Graduate Studies in Mathematics},
  Year                     = {2002},
  Volume                   = {54},

  Owner                    = {Toshiba},
  Pages                    = {366},
  Timestamp                = {2014.12.01}
}

@Article{Bernard2011,
  Title                    = {Prox-regular sets and epigraphs in uniformly convex {Banach} spaces: Various regularities and other properties},
  Author                   = {Bernard, F. and Thibault, L. and Zlateva, N.},
  Journal                  = {Trans. Amer. Math. Soc.},
  Year                     = {2011},
  Pages                    = {2211--2247},
  Volume                   = {363}
}

@Article{Bernard2006,
  Title                    = {Characterizations of prox-regular sets in uniformly convex Banach spaces},
  Author                   = {Bernard, F. and Thibault, L. and Zlateva, N.},
  Journal                  = {J. Convex Anal.},
  Year                     = {2006},
  Pages                    = {525-559},
  Volume                   = {13}
}

@Article{Borwein_Fabian,
  Title                    = {A note on regularity of sets and of distance functions in Banach space},
  Author                   = {Borwein, J.M. and Fabian, M.},
  Journal                  = {J. Math. Anal. Appl.},
  Year                     = {1994},
  Number                   = {2},
  Pages                    = {566-570},
  Volume                   = {182},

  Owner                    = {Toshiba},
  Timestamp                = {2014.09.23}
}

@Article{Borwein1989,
  Title                    = { Mosco convergence and the Kadec property},
  Author                   = {Borwein, J. M. and Fitzpatrick, S.},
  Journal                  = {Journal of the American mathematical society},
  Year                     = {1989},
  Pages                    = {843-851},
  Volume                   = {106}
}

@Book{Borwein_book1,
  Title                    = {Convex Functions: Constructions, Characterizations and Counterexamples (Encyclopedia of Mathematics and its Applications)},
  Author                   = {Borwein,, J. M. and Vanderwerff, J. D.},
  Publisher                = {Cambridge University Press},
  Year                     = {2010},

  Owner                    = {Toshiba},
  Pages                    = {521},
  Timestamp                = {2014.10.14}
}

@Book{brazitikos2014geometry,
  Title                    = {Geometry of isotropic convex bodies},
  Author                   = {Brazitikos, Silouanos and Giannopoulos, Apostolos and Valettas, Petros and Vritsiou, Beatrice-Helen},
  Publisher                = {American Mathematical Society Providence},
  Year                     = {2014},
  Volume                   = {196}
}

@Article{chakerian1986measures,
  Title                    = {The measures of the projections of a cube},
  Author                   = {Chakerian, G Donald and Filliman, Paul},
  Journal                  = {Studia Sci. Math. Hungar.},
  Year                     = {1986},
  Number                   = {1-2},
  Pages                    = {103--110},
  Volume                   = {21}
}

@Book{Clarke_book,
  Title                    = {Optimization and NonsmoothAnalysis},
  Author                   = {Clarke, F.H.},
  Editor                   = {New York},
  Publisher                = {Wiley},
  Year                     = {1983},

  Owner                    = {Toshiba},
  Timestamp                = {2014.09.23}
}

@Article{Clarke1995,
  Title                    = {Proximal Smoothness and Lower--$C^{2}$ Property},
  Author                   = {Clarke, F. H. and Stern, R. J. and Wolenski, P. R. },
  Journal                  = {J. Convex Anal.},
  Year                     = {1995},
  Number                   = {1},
  Pages                    = {117--144},
  Volume                   = {2}
}

@Article{Clarkson_ucsp,
  Title                    = {Uniformly convex spaces},
  Author                   = {Clarkson, J. A.},
  Journal                  = {Trans. Amer. Math. Soc.},
  Year                     = {1936},
  Pages                    = {396-414},
  Volume                   = {40},

  Owner                    = {grigory},
  Timestamp                = {2016.09.04}
}

@InCollection{Colombo_thibault,
  Title                    = {Prox-regular sets and applications},
  Author                   = {Colombo, G. and Thibault, L.},
  Booktitle                = {Handbook of Nonconvex Analysis},
  Publisher                = {Int. Press, Somerville, MA.},
  Year                     = {2010},
  Pages                    = {99-182},

  Journal                  = {Handbook of Nonconvex Analysis},
  Owner                    = {grigory},
  Timestamp                = {2016.06.01}
}

@Article{Conway_Gordon,
  Title                    = {Knots and Links in Spatial Graphs},
  Author                   = {Conway, J. H. and Grodon, C. McA.},
  Journal                  = {Journal of Graph Theory},
  Year                     = {1983},
  Pages                    = {445-453},
  Volume                   = {7},

  Owner                    = {grigory},
  Timestamp                = {2017.01.12}
}

@Article{Day_innerproduct,
  Title                    = {Some characterisations of inner product spaces},
  Author                   = {Day, M. M.},
  Journal                  = {Trans. Amer. Math. Soc.},
  Year                     = {1947},
  Pages                    = {320-337},
  Volume                   = {62},

  Owner                    = {grigory},
  Timestamp                = {2016.09.02}
}

@Article{Day_uncsp,
  Title                    = {Uniform convexity in factor and conjugate spaces},
  Author                   = {Day, M. M.},
  Journal                  = {Ann. of Math.},
  Year                     = {1944},
  Pages                    = {375-385},
  Volume                   = {45},

  Owner                    = {grigory},
  Timestamp                = {2016.09.04}
}

@Book{DiestelEng,
  Title                    = {Geometry of Banach Spaces - Selected Topics},
  Author                   = {Diestel, J.},
  Publisher                = {Springer-Verlag Berlin Heidelberg},
  Year                     = {1975},
  Volume                   = {485},

  Owner                    = {grigory},
  Timestamp                = {2016.08.08}
}

@Book{Diestel_graph_theory,
  Title                    = {Graph Theory (Graduate Texts in Mathematics)},
  Author                   = {Diestel, Reinhard},
  Publisher                = {Springer},
  Year                     = {2005},
  Month                    = {August},

  Abstract                 = {{The third edition of this highly successful textbook has been carefully revised and updated, and includes a new chapter on infinite graphs. The book covers all major, recent developments, and can be used both as a reliable textbook for an introductory course and as a graduate text: on each topic it covers all the basic material in full detail, and adds one or two deeper results (again with detailed proofs) to illustrate the more advanced methods of that field. From the reviews of the first two editions (1997, 2000): "This outstanding book cannot be substituted with any other book on the present textbook market. It has every chance of becoming the standard textbook for graph theory." Acta Scientiarum Mathematicarum "The book has received a very enthusiastic reception, which it amply deserves. A masterly elucidation of modern graph theory." Bulletin of the Institute of Combinatorics and its Applications "A highlight of the book is what is by far the best account in print of the Seymour-Robertson theory of graph minors." Mathematika ". . . like listening to someone explain mathematics." Bulletin of the AMS}},
  Citeulike-article-id     = {395714},
  HowPublished             = {Hardcover},
  Interhash                = {befccfe79e0a9160bc47635a92c96b68},
  Intrahash                = {8e6027f87536254e3d0cadc76403c9b5},
  ISBN                     = {3540261826},
  Priority                 = {2},
  Url                      = {http://www.amazon.ca/exec/obidos/redirect?tag=citeulike04-20{\&}path=ASIN/3540261826}
}

@Book{Dold,
  Title                    = {Lectures on Algebraic Topology,},
  Author                   = {Dold, A.},
  Publisher                = {Springer-Verlag},
  Year                     = {1972},

  Owner                    = {Toshiba},
  Pages                    = {377},
  Timestamp                = {2014.12.01}
}

@Book{Dold1972,
  Title                    = {Lectures on Algebraic Topology,},
  Author                   = {Dold, A.},
  Publisher                = {Springer-Verlag},
  Year                     = {1972},

  Owner                    = {Toshiba},
  Pages                    = {377},
  Timestamp                = {2014.12.01}
}

@Article{Dvoretzky,
  Title                    = {Some results on convex bodies and {B}anach spaces},
  Author                   = {Dvoretzky, A.},
  Journal                  = {Proc. Internat. Sympos. Linear Spaces},
  Year                     = {1961},
  Pages                    = {123-160},

  Owner                    = {grigory},
  Timestamp                = {2016.09.02}
}

@Article{nonconvexity2,
  Title                    = {On a measure of nonconvexity and applications},
  Author                   = {Eisenfeld, J. and Lakshmikantham, V.},
  Journal                  = {Yokohama Math J.},
  Year                     = {1976},
  Pages                    = {133–140},
  Volume                   = {24},

  Owner                    = {Toshiba},
  Timestamp                = {2014.07.01}
}

@Article{Enflo,
  Title                    = {Banach spaces which can be given an equivalent uniformly convex norm},
  Author                   = { Enflo, P.},
  Journal                  = {Isr. J. Math.},
  Year                     = {1972},
  Pages                    = {281-288},
  Volume                   = {13}
}

@Article{Enflo1972,
  Title                    = {Banach spaces which can be given an equivalent uniformly convex norm},
  Author                   = { Enflo, P.},
  Journal                  = {Isr. J. Math.},
  Year                     = {1972},
  Pages                    = {281-288},
  Volume                   = {13},

  Owner                    = {grigory},
  Timestamp                = {2016.08.24}
}

@Book{federer2014geometric,
  Title                    = {Geometric measure theory},
  Author                   = {Federer, Herbert},
  Publisher                = {Springer},
  Year                     = {2014}
}

@Article{Federer,
  Title                    = {Curvature Measures},
  Author                   = {Herbert Federer},
  Journal                  = {Transactions of the American Mathematical Society},
  Year                     = {1959},
  Number                   = {3},
  Pages                    = {418-491},
  Volume                   = {93},

  ISSN                     = {00029947},
  Publisher                = {American Mathematical Society},
  Url                      = {http://www.jstor.org/stable/1993504}
}

@Article{Fenchel,
  Title                    = {$\ddot{\mathrm{U}}$ber Krilmmung and Windung geshlossener Raumkurven},
  Author                   = {Fenchel, W.},
  Journal                  = {Math. Ann.},
  Year                     = {1929},
  Pages                    = {589-593},
  Volume                   = {101}
}

@Article{Figiel_1,
  Title                    = {On the moduli of convexity and smoothness},
  Author                   = {Figiel, T.},
  Journal                  = {Studia Math},
  Year                     = {1976},
  Number                   = {2},
  Pages                    = {121-155},
  Volume                   = {56},

  Owner                    = {Toshiba},
  Timestamp                = {2014.09.23}
}

@Article{filliman1990extreme,
  Title                    = {The extreme projections of the regular simplex},
  Author                   = {Filliman, P},
  Journal                  = {Transactions of the American Mathematical Society},
  Year                     = {1990},
  Number                   = {2},
  Pages                    = {611--629},
  Volume                   = {317}
}

@Article{filliman1988extremum,
  Title                    = {Extremum problems for zonotopes},
  Author                   = {Filliman, Paul},
  Journal                  = {Geometriae Dedicata},
  Year                     = {1988},
  Number                   = {3},
  Pages                    = {251--262},
  Volume                   = {27},

  Publisher                = {Springer}
}

@Article{Garkavi1964,
  Title                    = {On the Chebyshev center and convex hull of a set},
  Author                   = {Garkavi, A. L.},
  Journal                  = {Uspekhi Mat. Nauk},
  Year                     = {1964},
  Number                   = {4},
  Pages                    = {139-145},
  Volume                   = {19},

  Owner                    = {grigory},
  Timestamp                = {2016.08.24}
}

@InProceedings{gluskin1986probability,
  Title                    = {Probability in geometry of {B}anach spaces},
  Author                   = {Gluskin, ED},
  Booktitle                = {Proc. ICM Berkeley, CA},
  Year                     = {1986},
  Pages                    = {924--938}
}

@Book{greub2012linear,
  Title                    = {Linear algebra},
  Author                   = {Greub, Werner H},
  Publisher                = {Springer Science \& Business Media},
  Year                     = {2012},
  Volume                   = {23}
}

@Book{Gruber,
  Title                    = {Convex and Discrete Geometry},
  Author                   = {Gruber, Peter M.},
  Publisher                = {Springer Berlin Heidelberg},
  Year                     = {2007},

  Owner                    = {Toshiba},
  Pages                    = {578},
  Timestamp                = {2014.09.21}
}

@Article{Guirao_2,
  Title                    = {On the moduli of convexity},
  Author                   = {Guirao, A.J. and Hajek, P.},
  Journal                  = {Proc. Amer. Math. Soc.},
  Year                     = {2007},
  Number                   = {10},
  Pages                    = {3233-3240},
  Volume                   = {135},

  Owner                    = {Toshiba},
  Timestamp                = {2014.09.23}
}

@Article{modulsmooth1,
  Title                    = {On moduli of smoothness and squareness},
  Author                   = {Guirao, A. J. and Ivanov, M. and Lajara, S.},
  Journal                  = {J. Convex Anal.},
  Year                     = {2010},
  Pages                    = {441-449},
  Volume                   = {17},

  Owner                    = {Toshiba},
  Timestamp                = {2014.08.28}
}

@Article{aboutMilmansmoduli,
  Title                    = {Some properties concerning {M}ilman's moduli},
  Author                   = {He, C. and Cui, Y.},
  Journal                  = {J. Math. Anal. Appl.},
  Year                     = {2007},
  Pages                    = {1260-1272},
  Volume                   = {329},

  Owner                    = {grigory},
  Timestamp                = {2016.08.24}
}

@Article{horn1954doubly,
  Title                    = {Doubly stochastic matrices and the diagonal of a rotation matrix},
  Author                   = {Horn, Alfred},
  Journal                  = {American Journal of Mathematics},
  Year                     = {1954},
  Number                   = {3},
  Pages                    = {620--630},
  Volume                   = {76},

  Publisher                = {JSTOR}
}

@Article{hug2011reverse,
  Title                    = {Reverse inequalities for zonoids and their application},
  Author                   = {Hug, Daniel and Schneider, Rolf},
  Journal                  = {Advances in Mathematics},
  Year                     = {2011},
  Number                   = {5},
  Pages                    = {2634--2646},
  Volume                   = {228},

  Publisher                = {Elsevier}
}

@Article{2017arXiv170704442I,
  author        = {{Ivanov}, G.M.},
  title         = {{On the volume of the {J}ohn-{L}{\"o}wner ellipsoid}},
  journal       = {ArXiv e-prints},
  year          = {2017},
  month         = jul,
  adsnote       = {Provided by the SAO/NASA Astrophysics Data System},
  adsurl        = {http://adsabs.harvard.edu/abs/2017arXiv170704442I},
  archiveprefix = {arXiv},
  eprint        = {1707.04442},
  keywords      = {Mathematics - Functional Analysis},
  primaryclass  = {math.FA},
}

@Book{IvMonEng,
  Title                    = {Weakly Convex Sets and Functions. Theory and Applications. (in Russian)},
  Author                   = {Ivanov, G. E.},
  Publisher                = {Moscow},
  Year                     = {2006},

  Owner                    = {grigory},
  Timestamp                = {2016.09.01}
}

@Article{Ivanov_supp_modulus,
  Title                    = {Modulus of supporting convexity and supporting smoothness},
  Author                   = {Ivanov, G. M.},
  Journal                  = {Eurasian Math. J.},
  Year                     = {2015},
  Number                   = {1},
  Pages                    = {26-40},
  Volume                   = {6},

  Owner                    = {grigory},
  Timestamp                = {2016.06.01}
}

@InCollection{John,
  Title                    = {Extremum problems with inequalities as subsidiary conditions},
  Author                   = {John, Fritz},
  Booktitle                = {Traces and emergence of nonlinear programming},
  Publisher                = {Springer},
  Year                     = {2014},
  Pages                    = {197--215}
}

@Article{joly_parametriztion,
  Title                    = {Caracterisations d'espaces hilbertiens au moyen de la constante rectangle},
  Author                   = {Joly, J.L.},
  Journal                  = {J. Approx. Theory},
  Year                     = {1969},
  Pages                    = {301-311},
  Volume                   = {2},

  Owner                    = {grigory},
  Timestamp                = {2016.08.10}
}

@Article{Jourani,
  Title                    = {Subdifferentiability and subdifferential monotonicity of $\gamma$-paraconvex functions.},
  Author                   = {Jourani, A.},
  Journal                  = {Control and Cybernetics},
  Year                     = {1996},
  Pages                    = {721-737},
  Volume                   = {25},

  Owner                    = {Toshiba},
  Timestamp                = {2014.09.23}
}

@Article{kakutani,
  Title                    = {Some characterisations of Euclidian spaces},
  Author                   = {Kakutani, S.},
  Journal                  = {Japan Journ. Math.},
  Year                     = {1939},
  Pages                    = {93-97},
  Volume                   = {16},

  Owner                    = {grigory},
  Timestamp                = {2016.08.24}
}

@Article{Knaster1929a,
  Title                    = {Ein Beweis des Fixpunktsatzes f{\"u}r $n$-dimensionale Simplexe},
  Author                   = {Knaster, B. and Kuratowski, C. and Mazurkiewicz, S.},
  Journal                  = {Fundamenta Mathematicae},
  Year                     = {1929},
  Number                   = {1},
  Pages                    = {132-137},
  Volume                   = {14},

  Language                 = {ger},
  Publisher                = {Institute of Mathematics Polish Academy of Sciences},
  Url                      = {http://eudml.org/doc/212127}
}

@Article{Knaster1929,
  Title                    = {Ein Beweis des Fixpunktsatzes f?r n-dimensionale Simplexe},
  Author                   = {Knaster, Bronislaw, Kuratowski, Casimir, Mazurkiewicz, Stefan},
  Journal                  = {Fundamenta Mathematicae},
  Year                     = {1929},
  Number                   = {1},
  Pages                    = {132-137},
  Volume                   = {14},

  Language                 = {ger},
  Owner                    = {grigory},
  Publisher                = {Institute of Mathematics Polish Academy of Sciences},
  Timestamp                = {2016.08.24},
  Url                      = {http://eudml.org/doc/212127}
}

@Article{labbi2005double,
  Title                    = {Double forms, curvature structures and the $(p,q)$-curvatures},
  Author                   = {Labbi, M-L},
  Journal                  = {Transactions of the American Mathematical Society},
  Year                     = {2005},
  Number                   = {10},
  Pages                    = {3971--3992},
  Volume                   = {357}
}

@Article{Lau1978,
  Title                    = {Almost Chebyshev subsets in reflexive Banach spaces},
  Author                   = {Lau, K. S.},
  Journal                  = {Indiana Univ. Math. J.},
  Year                     = {1978},
  Pages                    = {791-795},
  Volume                   = {27}
}

@Article{Leichtweiss1955,
  Title                    = {Zwei Extremalprobleme der Minkowski-Geometrie},
  Author                   = {Leichtweiss, Kurt},
  Journal                  = {Mathematische Zeitschrift},
  Year                     = {1955},
  Number                   = {1},
  Pages                    = {37-49},
  Volume                   = {62},

  Owner                    = {grigory},
  Publisher                = {Springer-Verlag},
  Timestamp                = {2016.08.24}
}

@Book{Lind,
  Title                    = {Classical Banach Spaces II},
  Author                   = {Lindenstrauss,J. and Tzafriri, L.},
  Publisher                = {Springer-Verlag},
  Year                     = {1979}
}

@Article{lutwak2004volume,
  author    = {Lutwak, Erwin and Yang, Deane and Zhang, Gaoyong and others},
  title     = {Volume inequalities for subspaces of {$L_p$}},
  journal   = {Journal of Differential Geometry},
  year      = {2004},
  volume    = {68},
  number    = {1},
  pages     = {159--184},
  publisher = {Lehigh University},
}

@Article{Marrero2012,
  Title                    = {Weak compactness and the Eisenfeld-Lakshmikantham measure of nonconvexity},
  Author                   = {Marrero, I.},
  Journal                  = {Fixed Point Theory and Applications},
  Year                     = {2012},
  Pages                    = {2-5},
  Volume                   = {201},

  Owner                    = {Toshiba},
  Timestamp                = {2014.07.01}
}

@Article{Martinon2010,
  Title                    = {A note on measures of nonconvexity},
  Author                   = {Martin{\'o}n, A.},
  Journal                  = {Nonlinear Analysis},
  Year                     = {2010},
  Pages                    = {3108-3111},
  Volume                   = {72},

  Owner                    = {Toshiba},
  Timestamp                = {2014.07.01}
}

@Book{Matousek_Using_BU,
  Title                    = {Using the Borsuk-Ulam Theorem: Lectures on Topological Methods in Combinatorics and Geometry},
  Author                   = {Matousek, Jiri},
  Publisher                = {Springer Publishing Company, Incorporated},
  Year                     = {2007},

  ISBN                     = {3540003622, 9783540003625}
}

@Article{mcmullen1984volumes,
  Title                    = {Volumes of projections of unit cubes},
  Author                   = {McMullen, Peter},
  Journal                  = {Bulletin of the London Mathematical Society},
  Year                     = {1984},
  Number                   = {3},
  Pages                    = {278--280},
  Volume                   = {16},

  Publisher                = {Wiley Online Library}
}

@Article{meyer1988sections,
  Title                    = {Sections of the unit ball of $\ell_p^n$},
  Author                   = {Meyer, Mathieu and Pajor, Alain},
  Journal                  = {Journal of functional analysis},
  Year                     = {1988},
  Number                   = {1},
  Pages                    = {109--123},
  Volume                   = {80},

  Publisher                = {Elsevier}
}

@Article{Milman_eng,
  Title                    = {Geometric theory of {B}anach spaces. {P}art~{II}. {G}eometry of the unit sphere},
  Author                   = {Milman, V. D.},
  Journal                  = {Uspechi Mat. Nauk},
  Year                     = {1971},
  Number                   = {6},
  Pages                    = {73-149},
  Volume                   = {26},

  Owner                    = {grigory},
  Timestamp                = {2016.08.24}
}

@Article{Morduchovich_deff_prox_reg,
  Title                    = {Penalty functions and necessary conditions for an extremum in non-smooth and non-convex optimization problems},
  Author                   = {Mordukhovich, B. Sh.},
  Journal                  = {Russian Mathematical Surveys},
  Year                     = {1981},
  Number                   = {1},
  Pages                    = {242},
  Volume                   = {36},

  Owner                    = {grigory},
  Timestamp                = {2016.09.20},
  Url                      = {http://stacks.iop.org/0036-0279/36/i=1/a=L15}
}

@Article{neretin2001jordan,
  Title                    = {On Jordan angles and the triangle inequality in Grassmann manifolds},
  Author                   = {Neretin, Yurii A},
  Journal                  = {Geometriae Dedicata},
  Year                     = {2001},
  Number                   = {1-3},
  Pages                    = {81--91},
  Volume                   = {86},

  Publisher                = {Springer}
}

@Article{Day-Nord,
  Title                    = {The modulus of convexity in normed linear space},
  Author                   = {Nordlander, G.},
  Journal                  = {Ark Mat.},
  Year                     = {1960},
  Number                   = {1},
  Pages                    = {15-17},
  Volume                   = {4},

  Owner                    = {grigory},
  Timestamp                = {2016.08.08}
}

@Article{Novik_Geom_embed,
  Title                    = {A Note on Geometric Embeddings of Simplicial Complexes in a Euclidean Space},
  Author                   = {Novik, I.},
  Journal                  = {Discrete Comp. Geom.},
  Year                     = {2000},
  Number                   = {2},
  Pages                    = {293-302},
  Volume                   = {23},

  Owner                    = {grigory},
  Timestamp                = {2017.01.12}
}

@Article{Pichugov1,
  Title                    = {On separability os sets by hyperplanes in $L_p$},
  Author                   = {Pichugov, S. A.},
  Journal                  = {Analysis Mathematica},
  Year                     = {1991},
  Number                   = {1},
  Pages                    = {21-33},
  Volume                   = {17}
}

@Article{Pichugov1990,
  Title                    = {Jung constants of the $l_p^n$-spaces},
  Author                   = {Pichugov, S. A. and Ivanov, V. I.},
  Journal                  = { Mathematical notes of the Academy of Sciences of the USSR},
  Year                     = {1990},
  Number                   = {4},
  Pages                    = {997-1004},
  Volume                   = {48},

  Owner                    = {grigory},
  Timestamp                = {2016.08.24}
}

@Article{proxreg_rockafellar,
  Title                    = {Prox-regular functions in variational analysis},
  Author                   = {Poliquin, R.A. and Rockafellar, R.T.},
  Journal                  = {Trans. Amer. Math. Soc.},
  Year                     = {1996},
  Pages                    = {1805-1838},
  Volume                   = {368},

  Owner                    = {Toshiba},
  Timestamp                = {2014.09.23}
}

@Article{Pol_Rock_Thi1,
  Title                    = {Local differentiability of distance functions.},
  Author                   = {Poliquin, R. and Rockafellar, R. and Thibault, L.},
  Journal                  = {Trans. Amer. Math. Soc.},
  Year                     = {2000},
  Number                   = {11},
  Pages                    = {5231-5249},
  Volume                   = {352},

  Owner                    = {grigory},
  Timestamp                = {2016.09.01}
}

@Article{Pol1,
  Title                    = {Riemannian Integral of Set-Valued Function},
  Author                   = {Polovinkin, E. S.},
  Journal                  = {Lecture Notes in Computer Sience},
  Year                     = {1975},
  Pages                    = {405-418},
  Volume                   = {27}
}

@Book{PolBalEng,
  Title                    = {Elements of Convex and Strongly Convex Analysis},
  Author                   = {Polovinkin, E. S. and Balashov, M. V.},
  Publisher                = {Fizmatlit (in Russian)},
  Year                     = {2007}
}

@Article{Benitez_Rectangular_constant,
  Title                    = {The Rectangular Constant for Two-Dimensional Spaces},
  Author                   = {Rio, M. and Benitez, C.},
  Journal                  = {J. Approx. Theory},
  Year                     = {1977},
  Pages                    = {15-21},
  Volume                   = {19},

  Owner                    = {grigory},
  Timestamp                = {2016.08.24}
}

@Article{Rockafellar_def_prox-reg,
  Title                    = {{P}roximal {S}ubgradients, {M}arginal {V}alues, and {A}ugmented {L}agrangians in {N}onconvex {O}ptimization},
  Author                   = {Rockafellar, R.},
  Journal                  = {Math. of Op. Res.},
  Year                     = {1981},
  Pages                    = {424-436},
  Volume                   = {6},

  Owner                    = {grigory},
  Timestamp                = {2016.09.20}
}

@Book{RockWets_VarAn,
  Title                    = {Variational Analysis},
  Author                   = {Rockafellar, R. T. and Wets, R. J.-B.},
  Publisher                = {Springer},
  Year                     = {2009},
  Volume                   = {317},

  Owner                    = {Toshiba},
  Timestamp                = {2014.11.26}
}

@Article{Rolewicz2005,
  Title                    = {Paraconvex analysis},
  Author                   = {Rolewicz, S.},
  Journal                  = {Control and Cybernetics},
  Year                     = {2005},
  Number                   = {3},
  Pages                    = {951-965},
  Volume                   = {34},

  Owner                    = {Toshiba},
  Timestamp                = {2014.09.23}
}

@Article{Rolewicz2001,
  Title                    = {On the coincidence of some subdifferentials in the class of $\alpha(\cdot)$-paraconvex functions.},
  Author                   = {Rolewicz, S.},
  Journal                  = {Optimization},
  Year                     = {2001},
  Pages                    = {353-360},
  Volume                   = {50},

  Owner                    = {Toshiba},
  Timestamp                = {2014.09.23}
}

@Article{Rolewicz2,
  Title                    = {On $\alpha(\cdot)$-paraconvex and strongly $\alpha(\cdot)$-paraconvex functions.},
  Author                   = {Rolewicz, S.},
  Journal                  = {Control and Cybernetics},
  Year                     = {2000},
  Pages                    = {367-377},
  Volume                   = {29},

  Owner                    = {Toshiba},
  Timestamp                = {2014.09.23}
}

@Article{Rolewicz1,
  Title                    = {On $\gamma(\cdot)$-monotone multifunction and differentiability of $\alpha$-paraconvex functions},
  Author                   = {Rolewicz, S.},
  Journal                  = {Stud. Math.},
  Year                     = {1999},
  Pages                    = {29-37},
  Volume                   = {133},

  Owner                    = {Toshiba},
  Timestamp                = {2014.09.23}
}

@Book{SandersonRorkePiceLinTop,
  Title                    = {Introduction to Piecewise-Linear Topology},
  Author                   = {Rourke, C.P. and Sanderson, B.J.},
  Publisher                = {Springer},
  Year                     = {1972},
  Series                   = {69},

  Owner                    = {Toshiba},
  Timestamp                = {2014.12.01}
}

@Book{schneider2014convex,
  Title                    = {Convex bodies: the Brunn--Minkowski theory},
  Author                   = {Schneider, Rolf},
  Publisher                = {Cambridge university press},
  Year                     = {2014},
  Number                   = {151}
}

@InCollection{schneider1983zonoids,
  Title                    = {Zonoids and related topics},
  Author                   = {Schneider, Rolf and Weil, Wolfgang},
  Booktitle                = {Convexity and its Applications},
  Publisher                = {Springer},
  Year                     = {1983},
  Pages                    = {296--317}
}

@Article{shephard1974combinatorial,
  Title                    = {Combinatorial properties of associated zonotopes},
  Author                   = {Shephard, Geoffrey C},
  Journal                  = {Canad. J. Math},
  Year                     = {1974},
  Number                   = {2},
  Pages                    = {302--321},
  Volume                   = {26}
}

@Article{Skopenkov_real_hgraphs,
  Title                    = {{Realizability of hypergraphs and Ramsey link theory}},
  Author                   = {{Skopenkov}, A.},
  Journal                  = {ArXiv e-prints},
  Year                     = {2014},

  Month                    = feb,

  Adsnote                  = {Provided by the SAO/NASA Astrophysics Data System},
  Adsurl                   = {http://adsabs.harvard.edu/abs/2014arXiv1402.0658S},
  Archiveprefix            = {arXiv},
  Eprint                   = {1402.0658},
  Keywords                 = {Mathematics - Metric Geometry, Mathematics - Geometric Topology, 05C65, 52C35, 57Q35, 57M15},
  Primaryclass             = {math.MG}
}

@InCollection{szarek1991geometry,
  Title                    = {On the geometry of the {B}anach-{M}azur compactum},
  Author                   = {Szarek, SJ},
  Booktitle                = {Functional analysis},
  Publisher                = {Springer},
  Year                     = {1991},
  Pages                    = {48--59}
}

@InBook{Timmreck2008,
  Title                    = {Necessary Conditions for Geometric Realizability of Simplicial Complexes},
  Author                   = {Timmreck, Dagmar},
  Editor                   = {Bobenko, Alexander I. and Sullivan, John M. and Schr{\"o}der, Peter and Ziegler, G{\"u}nter M.},
  Pages                    = {215--233},
  Publisher                = {Birkh{\"a}user Basel},
  Year                     = {2008},

  Address                  = {Basel},

  Booktitle                = {Discrete Differential Geometry},
  Doi                      = {10.1007/978-3-7643-8621-4_11},
  ISBN                     = {978-3-7643-8621-4},
  Url                      = {http://dx.doi.org/10.1007/978-3-7643-8621-4_11}
}

@Article{vaaler1979geometric,
  Title                    = {A geometric inequality with applications to linear forms},
  Author                   = {Vaaler, Jeffrey},
  Journal                  = {Pacific Journal of Mathematics},
  Year                     = {1979},
  Number                   = {2},
  Pages                    = {543--553},
  Volume                   = {83},

  Publisher                = {Mathematical Sciences Publishers}
}

@Article{vial,
  Title                    = {Strong and weak convexity of sets and functions},
  Author                   = {Vial, J.-P.},
  Journal                  = {Math. Ops. Res.},
  Year                     = {1983},
  Number                   = {2},
  Pages                    = {231--259},
  Volume                   = {8},

  Owner                    = {grigory},
  Timestamp                = {2016.08.24}
}

@Book{Williams,
  Title                    = {Embeddings and Extensions in Analysis},
  Author                   = {Williams, L. R. and Wells, J. H.},
  Publisher                = {Springer-Verlag},
  Year                     = {1975},

  Owner                    = {grigory},
  Timestamp                = {2016.08.24}
}

@Book{Williams1975,
  Title                    = {Embeddings and Extensions in Analysis},
  Author                   = {Williams, L. R. and Wells, J. H.},
  Publisher                = {Springer-Verlag},
  Year                     = {1975}
}

@Article{Charinequalities_uc_usm,
  Title                    = {Characteristic Inequalities of Uniformly convex and Uniformly Smooth {Banach} Spaces},
  Author                   = {Xu, Z.-B. and Roach, G. F.},
  Journal                  = {J. Math. Anal. Appl.},
  Year                     = {1991},
  Pages                    = {189-210},
  Volume                   = {157},

  Owner                    = {grigory},
  Timestamp                = {2016.09.01}
}

@Article{Zimin_Conway-Gordon-Sachs,
  Title                    = {{Alternative proofs of the Conway-Gordon-Sachs Theorems}},
  Author                   = {Zimin, A.},
  Journal                  = {ArXiv e-prints},
  Year                     = {2013},

  Month                    = nov,

  Adsnote                  = {Provided by the SAO/NASA Astrophysics Data System},
  Adsurl                   = {http://adsabs.harvard.edu/abs/2013arXiv1311.2882Z},
  Archiveprefix            = {arXiv},
  Eprint                   = {1311.2882},
  Keywords                 = {Mathematics - Geometric Topology, Mathematics - Algebraic Topology, Mathematics - Combinatorics, 57M25, 57Q45},
  Primaryclass             = {math.GT}
}

@Book{zong2006cube,
  Title                    = {The Cube-A Window to Convex and Discrete Geometry},
  Author                   = {Zong, Chuanming},
  Publisher                = {Cambridge University Press},
  Year                     = {2006},
  Volume                   = {168}
}

@Article{agadjanov,
  Title                    = {О равномерной выпуклости и гладкости пространств Соболева бесконечного порядка},
  Author                   = {Агаджанов, А. Н.},
  Journal                  = {Доклады Академии наук},
  Year                     = {2007},
  Number                   = {2},
  Pages                    = {279-282},
  Volume                   = {75},

  Language                 = {russian},
  Owner                    = {Toshiba},
  Timestamp                = {2014.09.23}
}

@Article{Berdishev1,
  Title                    = {Связь между неравенством Джексона и одной геометрической задачей},
  Author                   = {Бердышев, В. И.},
  Journal                  = {Математические заметки},
  Year                     = {1968},
  Number                   = {3},
  Pages                    = {327-338},
  Volume                   = {3},

  Language                 = {russian},
  Owner                    = {grigory},
  Timestamp                = {2016.08.24}
}

@Article{Borodin_Tichomirov_crit_hilb,
  Title                    = {Критерии гильбертовости банахова пространства, связанные с теорией приближений},
  Author                   = {Бородин, П. А. and Тихомиров, В. М.},
  Journal                  = {Матем. просв.},
  Year                     = {1999},
  Pages                    = {189-207},
  Volume                   = {3},

  Language                 = {russian},
  Owner                    = {Toshiba},
  Timestamp                = {2014.09.23}
}

@Article{Garkavi,
  Title                    = {О чебышёвском центре и выпуклой оболочке множества},
  Author                   = {Гаркави, А. Л.},
  Journal                  = {УМН},
  Year                     = {1964},
  Number                   = {6},
  Pages                    = {139–145},
  Volume                   = {19},

  Language                 = {russian},
  Owner                    = {Toshiba},
  Timestamp                = {2014.10.02}
}

@Article{gulevich2,
  Title                    = {Оценка удаленности множества неподвижных точек},
  Author                   = {Гулевич, Н. М.},
  Journal                  = {Зап. научн. сем. ПОМИ},
  Year                     = {1993},
  Pages                    = {182-185},
  Volume                   = {208},

  Language                 = {russian},
  Owner                    = {Toshiba},
  Timestamp                = {2014.07.01}
}

@Article{gulevich3,
  Title                    = {Мера невыпуклости и константа Юнга},
  Author                   = {Гулевич, Н. М.},
  Journal                  = {Зап. научн. сем. ПОМИ},
  Year                     = {1993},
  Pages                    = {174-181},
  Volume                   = {208},

  Language                 = {russian},
  Owner                    = {Toshiba},
  Timestamp                = {2014.07.01}
}

@Article{gulevich1,
  Title                    = {Оценка отклонения неподвижных точек от невыпуклых множеств},
  Author                   = {Гулевич, Н. М.},
  Journal                  = {Зап. научн. сем. ЛОМИ},
  Year                     = {1982},
  Pages                    = {13-16},
  Volume                   = {122},

  Language                 = {russian},
  Owner                    = {Toshiba},
  Timestamp                = {2014.07.01}
}

@Article{gulevich4,
  Title                    = {Оценка меры невыпуклости в пространстве~$L^p$},
  Author                   = {Гулевич, Н. М. and Гулевич, О. Н.},
  Journal                  = {Зап. научн. сем. ПОМИ},
  Year                     = {2001},
  Pages                    = {141-145},
  Volume                   = {280},

  Language                 = {russian},
  Owner                    = {Toshiba},
  Timestamp                = {2014.07.01}
}

@Article{Gurarii,
  Title                    = {О равномерно выпуклых и равномерно гладких банаховых пространствах},
  Author                   = {Гурарий, В. И.},
  Journal                  = {Теория функций, функциональный анализ и их приложения: Респ. науч. сб.},
  Year                     = {1965},
  Pages                    = {205 – 211},
  Volume                   = {1},

  Language                 = {russian},
  Owner                    = {grigory},
  Timestamp                = {2016.08.24}
}

@Article{PashaIvanov1,
  Title                    = {Алгоритмы вычисления операторов Минковского и их применение в дифференциальных играх},
  Author                   = {Двуреченский, П. Е. and Иванов, Г. Е.},
  Journal                  = {Ж. вычисл. матем. и матем. физ.},
  Year                     = {2014},
  Pages                    = {224-255},
  Volume                   = {54},

  Language                 = {russian},
  Owner                    = {Toshiba},
  Part                     = {2},
  Timestamp                = {2014.10.16}
}

@Book{day,
  Title                    = {Нормированные линейные пространства},
  Author                   = {Дей, М. М.},
  Publisher                = {ИЛ},
  Year                     = {1961},

  Language                 = {russian},
  Owner                    = {grigory},
  Timestamp                = {2016.08.24}
}

@Book{Дей1961,
  Title                    = {Нормированные линейные пространства},
  Author                   = {Дей, М. М.},
  Publisher                = {ИЛ},
  Year                     = {1961},

  Language                 = {russian}
}

@Book{Дистель1980,
  Title                    = {Геометрия банаховых пространств. Избранные главы},
  Author                   = {Дистель, Дж.},
  Publisher                = {Вища школа},
  Year                     = {1980},

  Language                 = {russian}
}

@Book{IvMon,
  Title                    = {Слабо выпуклые множества и функции: теория и приложения},
  Author                   = {Иванов, Г. Е.},
  Publisher                = {Физматлит},
  Year                     = {2006},

  Language                 = {russian},
  Pages                    = {352}
}

@Misc{IvIvSbornik2011oporn,
  Title                    = {Опорные условия и регулярность множеств в банаховых пространствах / Фундаментальные и прикладные проблемы современной математики: сб. науч. трудов / МФТИ. -- М., 2011. -- С. 77-102.},

  Author                   = {Иванов, Г. Е. and Иванов, Г. М.},

  Language                 = {russian},
  Pages                    = {77-102},
  Publisher                = {МФТИ}
}

@Article{IvIvTrudi2011,
  Title                    = {Взаимосвязь опорных условий слабой выпуклости для множеств в банаховых пространствах},
  Author                   = {Иванов, Г. Е. and Иванов, Г. М.},
  Journal                  = {Труды МФТИ},
  Year                     = {2011},
  Number                   = {1},
  Pages                    = {70-73},
  Volume                   = {3},

  Language                 = {russian}
}

@Misc{IvConf2011Kazan,
  Title                    = {Уклонение выпуклой оболочки множества. // Труды Математического центра им. Н.И. Лобачевского / Казанское математическое общество. Теория функций, ее приложения и смежные вопросы -- Казань, 2011. -- Т.43, -- С. 155-157.},

  Author                   = {Иванов, Г. М.},

  Address                  = {Казань},
  Language                 = {russian},
  Owner                    = {Toshiba},
  Pages                    = {155-157},
  Timestamp                = {2014.10.18},
  Volume                   = {43}
}

@Misc{IvConf2011UVO,
  Title                    = {Уклонение выпуклой оболочки множества. // Проблемы фундаментальных и прикладных естественных и технических наук в современном информационном обществе -- Т.1: Труды \MakeUppercase{\romannumeral54} научной конференции. / МФТИ. -- М. -- Долгопрудный, 2011. -- С. 31-32.},

  Author                   = {Иванов, Г. М.},

  Address                  = {Долгопрудный},
  Booktitle                = {Проблемы фундаментальных и прикладных естественных и технических наук в современном информационном обществе -- Т.1: Труды \MakeUppercase{\romannumeral54} научной конференции.},
  Language                 = {russian},
  Organization             = {МФТИ},
  Owner                    = {Toshiba},
  Pages                    = {31-32},
  Publisher                = {М.},
  Timestamp                = {2014.10.18}
}

@Misc{IvConfIrkutsk2014,
  Title                    = {О взаимосвязи проксимальной гладкости множества и $\Psi$-гипомоно\-тонности его нормального конуса. // Тезисы \MakeUppercase{\romannumeral4} Международной школы-семинара <<Нелинейный анализ и экстремальные задачи>> / Иркутск: РИО ИДТСУ СО РАН, 2014. -- С. 23--25.},

  Author                   = {Иванов, Г. М.},

  Address                  = {/Иркутск},
  Language                 = {russian},
  Owner                    = {grigory},
  Timestamp                = {2014.10.18}
}

@Misc{IvSbornik2011polunepr,
  Title                    = {О полунепрерывности сверху опорного отображения / Фундаментальные и прикладные проблемы современной математики: сб. науч. трудов / МФТИ. -- М., 2011. -- С. 103-112.},

  Author                   = {Иванов, Г. М.},

  Language                 = {russian},
  Pages                    = {103-112},
  Publisher                = {МФТИ}
}

@Article{IvTrudi2012,
  Title                    = {Уклонение выпуклой оболочки ограниченных множеств},
  Author                   = {Иванов, Г. М.},
  Journal                  = {Труды \mbox{МФТИ}},
  Year                     = {2012},
  Number                   = {3},
  Pages                    = {105-112},
  Volume                   = {92},

  Language                 = {russian}
}

@Article{IvPolMatZam,
  Title                    = {Одно обобщение теоремы об усреднении множеств},
  Author                   = {Иванов, Г. М. and Половинкин, Е. С.},
  Journal                  = {Математические заметки},
  Year                     = {2012},
  Number                   = {3},
  Pages                    = {410-416},
  Volume                   = {92},

  Language                 = {russian},
  Owner                    = {grigory},
  Timestamp                = {2016.08.24}
}

@Article{Кадец1975,
  Title                    = {Геометрия нормированных пространств},
  Author                   = {Кадец, М. И.},
  Journal                  = {Итоги науки и техн. Сер. Мат. анал.},
  Year                     = {1975},
  Pages                    = {99–127},
  Volume                   = {13},

  Language                 = {russian}
}

@Article{Кадец1971,
  Title                    = {О некоторых функционалах на компакте Минковского},
  Author                   = {Кадец, М. И. and Снобар, М. Г.},
  Journal                  = {Математические заметки},
  Year                     = {1971},
  Number                   = {4},
  Pages                    = {453-458},
  Volume                   = {10},

  Language                 = {russian},
  Owner                    = {Toshiba},
  Timestamp                = {2014.08.15}
}

@Article{kadecodopoln1,
  Title                    = {Дополняемые подпространства в банаховых пространствах},
  Author                   = {Кадец, М. И., Митягин Б.С.},
  Journal                  = {Успехи Мат. Наук},
  Year                     = {1973},
  Number                   = {6},
  Pages                    = {77-94},
  Volume                   = {28},

  Language                 = {russian},
  Owner                    = {Toshiba},
  Timestamp                = {2014.08.15}
}

@Book{Makarenro_Matan,
  Title                    = {Лекции по вещественному анализу: учебник},
  Author                   = {Макаров, Б. М. and Подкорытов, А. Н.},
  Publisher                = {Спб.: БХВ-Петербург},
  Year                     = {2011},

  Language                 = {russian},
  Owner                    = {Toshiba},
  Pages                    = {688},
  Timestamp                = {2014.10.07}
}

@Book{Aubin,
  Title                    = {Прикладной нелинейный анализ},
  Author                   = {Обэн, Ж.-П. and Экланд, И.},
  Publisher                = {Мир},
  Year                     = {1988},

  Language                 = {russian},
  Owner                    = {grigory},
  Timestamp                = {2016.08.24}
}

@Article{PolRiman2011,
  Title                    = {Интегрирование по Риману многозначных отображений},
  Author                   = {Половинкин, Е. С.},
  Journal                  = {Труды МФТИ},
  Year                     = {2011},
  Number                   = {1(9)},
  Pages                    = {117-126},
  Volume                   = {3},

  Language                 = {russian},
  Owner                    = {grigory},
  Timestamp                = {2016.08.24}
}

@Article{Pol2,
  Title                    = {Об интегрировании многозначных отображений},
  Author                   = {Половинкин, Е. С.},
  Journal                  = {Докл. АН СССР},
  Year                     = {1983},
  Number                   = {5},
  Pages                    = {1069-1074},
  Volume                   = {271},

  Language                 = {russian},
  Owner                    = {grigory},
  Timestamp                = {2016.08.24}
}

@Book{Pol3,
  Title                    = {Элементы теории многозначных отображений},
  Author                   = {Половинкин, Е. С.},
  Publisher                = {Изд-во МФТИ},
  Year                     = {1982},

  Language                 = {russian},
  Owner                    = {grigory},
  Timestamp                = {2016.08.24}
}

@Book{PolBal,
  Title                    = {Элементы выпуклого и сильно выпуклого анализа},
  Author                   = {Половинкин, Е. С. and Балашов, М. В.},
  Publisher                = {Физматлит},
  Year                     = {2007},

  Language                 = {russian},
  Owner                    = {grigory},
  Timestamp                = {2016.08.24}
}

@Book{Prasolov_combytopology,
  Title                    = {Элементы комбинаторной и диффернциальной топологии},
  Author                   = {Прасолов, В. В.},
  Publisher                = {М.: МНЦМО},
  Year                     = {2004},

  Language                 = {russian},
  Owner                    = {Toshiba},
  Pages                    = {352},
  Timestamp                = {2014.10.09}
}

@Book{Rudin,
  Title                    = {Функциональный анализ},
  Author                   = {Рудин, У.},
  Publisher                = {Мир},
  Year                     = {1975},

  Language                 = {russian},
  Owner                    = {grigory},
  Timestamp                = {2016.08.24}
}

@InBook{Stechkin2,
  Title                    = {Избранные труды. Математика},
  Author                   = {Стечкин, С. Б.},
  Chapter                  = {Аппроксимативные свойства множеств в линейных нормированных пространствах},
  Pages                    = {270--281},
  Publisher                = {НАУКА-Физматлит},
  Year                     = {1998},
  Note                     = {Аппроксимативные свойства множеств в линейных нормированных пространствах},

  Language                 = {russian},
  Owner                    = {grigory},
  Timestamp                = {2016.08.24}
}

@Book{Sklyar_combigeom,
  Title                    = {Геометрические оценки и задачи из комбинаторной геометрии},
  Author                   = {Шклярский, Д. О. and Ченцов, Н. Н. and Яглом, И. М.},
  Publisher                = {М. Наука},
  Year                     = {1974},

  Language                 = {russian},
  Owner                    = {Toshiba},
  Pages                    = {384},
  Timestamp                = {2014.10.09}
}

@Article{2018arXiv180410055I,
  author        = {{Ivanov}, G. M.},
  title         = {{Maximization of the volume of zonotopes}},
  journal       = {ArXiv e-prints},
  year          = {2018},
  month         = apr,
  adsnote       = {Provided by the SAO/NASA Astrophysics Data System},
  adsurl        = {http://adsabs.harvard.edu/abs/2018arXiv180410055I},
  archiveprefix = {arXiv},
  eprint        = {1804.10055},
  keywords      = {Mathematics - Metric Geometry, Mathematics - Functional Analysis},
  primaryclass  = {math.MG},
}

@Article{Ivanov:233858,
  author    = {Ivanov, G. M.},
  title     = {Hypomonotonicity of the Normal Cone and Proximal Smoothness},
  journal   = {Journal Of Convex Analysis},
  year      = {2017},
  volume    = {24},
  number    = {4},
  pages     = {27. 1313-1339},
  abstract  = {We study the properties of the normal cone to a proximally  smooth set. We give a complete characterization of a  proximally smooth set through the monotonicity properties  of its normal cone in an arbitrary uniformly convex and  uniformly smooth Banach space. We also give the exact  bounds for the right-hand side in the monotonicity  inequality for the normal cone in terms of the moduli of  smoothness and convexity of a Banach space.},
  address   = {Lemgo},
  publisher = {Heldermann Verlag},
}

@Article{ivanov2017new,
  author    = {Ivanov, G. M. and Martini, Horst},
  title     = {New moduli for {B}anach spaces},
  journal   = {Annals of Functional Analysis},
  year      = {2017},
  volume    = {8},
  number    = {3},
  pages     = {350--365},
  publisher = {Tusi Mathematical Research Group},
}

@Article{ivanov2012generalization,
  author    = {Ivanov, G. M. and Polovinkin, Evgenii Sergeevich},
  title     = {A generalization of the set averaging theorem},
  journal   = {Mathematical Notes},
  year      = {2012},
  volume    = {92},
  number    = {3-4},
  pages     = {369--374},
  publisher = {Springer},
}

@Article{Lop6,
  author  = {M.S. Lopushanski},
  title   = {Normal Regularity of Weakly Convex Sets in Asymmetric Normed Spaces},
  journal = {J. Convex Analysis},
  year    = {2018},
  volume  = {25},
  number  = {3},
  pages   = {n.a.},
}

@Article{lindenstrauss1963modulus,
  author    = {Lindenstrauss, Joram},
  title     = {On the modulus of smoothness and divergent series in {B}anach spaces.},
  journal   = {The Michigan Mathematical Journal},
  year      = {1963},
  volume    = {10},
  number    = {3},
  pages     = {241--252},
  publisher = {The University of Michigan},
}

@InProceedings{Lop5,
  author    = {M. Lopushanski},
  title     = {Weakly Convex Sets in Asymmetric Normed Spaces},
  booktitle = {Abstracts of the International Conference ''Constructive Nonsmooth Ana\-ly\-sis and Related Topics'' Dedicated to the Memory of Professor V. F. Demyanov},
  year      = {2017},
  pages     = {34--38},
  publisher = {Sankt-Petersburg},
}

@Article{ivanov2017convex,
  author    = {Ivanov, G.M.},
  title     = {Convex hull deviation and contractibility},
  journal   = {Topological Methods in Nonlinear Analysis},
  year      = {2017},
  volume    = {50},
  number    = {1},
  pages     = {9--25},
  publisher = {Juliusz P. Schauder Centre for Nonlinear Studies},
}

@Article{giannopoulos1999isotropic,
  author    = {Giannopoulos, Apostolos and Papadimitrakis, Michael},
  title     = {Isotropic surface area measures},
  journal   = {Mathematika},
  year      = {1999},
  volume    = {46},
  number    = {1},
  pages     = {1--13},
  publisher = {London Mathematical Society},
}

@Article{Mia,
  author  = {G. E. Ivanov and M. S. Lopushanski},
  title   = {Separation theorems for nonconvex sets in spaces with non-symmetric seminorm},
  journal = {J. Math. Ineq. Appl.},
  year    = {2017},
  volume  = {20},
  number  = {3},
  pages   = {737--754},
}

@Article{artstein2014symplectic,
  author    = {Artstein-Avidan, Shiri and Karasev, Roman and Ostrover, Yaron and others},
  title     = {From symplectic measurements to the Mahler conjecture},
  journal   = {Duke Mathematical Journal},
  year      = {2014},
  volume    = {163},
  number    = {11},
  pages     = {2003--2022},
  publisher = {Duke University Press},
}

@Article{makai1996cross,
  author    = {Makai, E and Martini, H},
  title     = {The cross-section body, plane sections of convex bodies and approximation of convex bodies, I},
  journal   = {Geometriae Dedicata},
  year      = {1996},
  volume    = {63},
  number    = {3},
  pages     = {267--296},
  publisher = {Springer},
}

@Article{Ivanov2015,
  author   = {Ivanov, G. E. and Lopushanski, M. S.},
  title    = {Well-Posedness of Approximation and Optimization Problems for Weakly Convex Sets and Functions},
  journal  = {Journal of Mathematical Sciences},
  year     = {2015},
  volume   = {209},
  number   = {1},
  pages    = {66--87},
  month    = {Aug},
  issn     = {1573-8795},
  abstract = {We consider the class of weakly convex sets with respect to a quasiball in a Banach space. This class generalizes the classes of sets with positive reach, proximal smooth sets and prox-regular sets. We prove the well-posedness of the closest points problem of two sets, one of which is weakly convex with respect to a quasiball M, and the other one is a summand of the quasiball −rM, where r ∈ (0, 1). We show that if a quasiball B is a summand of a quasiball M, then a set that is weakly convex with respect to the quasiball M is also weakly convex with respect to the quasiball B. We consider the class of weakly convex functions with respect to a given convex continuous function $\gamma$ that consists of functions whose epigraphs are weakly convex sets with respect to the epigraph of $\gamma$. We obtain a sufficient condition for the well-posedness of the infimal convolution problem, and also a sufficient condition for the existence, uniqueness, and continuous dependence on parameters of the minimizer.},
  day      = {01},
  doi      = {10.1007/s10958-015-2485-3},
  url      = {https://doi.org/10.1007/s10958-015-2485-3},
}

@Article{ball1991volume,
  author    = {Ball, Keith},
  title     = {Volume ratios and a reverse isoperimetric inequality},
  journal   = {Journal of the London Mathematical Society},
  year      = {1991},
  volume    = {2},
  number    = {2},
  pages     = {351--359},
  publisher = {Wiley Online Library},
}

@InBook{Milman1989,
  pages     = {64--104},
  title     = {Isotropic position and inertia ellipsoids and zonoids of the unit ball of a normed n-dimensional space},
  publisher = {Springer Berlin Heidelberg},
  year      = {1989},
  author    = {Milman, V. D. and Pajor, A.},
  editor    = {Lindenstrauss, Joram and Milman, Vitali D.},
  address   = {Berlin, Heidelberg},
  isbn      = {978-3-540-46189-0},
  abstract  = {It is a special pleasure and honor for the first named author to dedicate this paper to the 60th birthdays of two of his outstanding friends --- Israel Gohberg and Ilya Piatetski-Shapiro.},
  booktitle = {Geometric Aspects of Functional Analysis: Israel Seminar (GAFA) 1987--88},
  doi       = {10.1007/BFb0090049},
  url       = {https://doi.org/10.1007/BFb0090049},
}

@Article{Kannan1995,
  author   = {Kannan, R. and Lov{\'a}sz, L. and Simonovits, M.},
  title    = {Isoperimetric problems for convex bodies and a localization lemma},
  journal  = {Discrete {\&} Computational Geometry},
  year     = {1995},
  volume   = {13},
  number   = {3},
  pages    = {541--559},
  month    = {Jun},
  issn     = {1432-0444},
  abstract = {We study the smallest number $\psi$(K) such that a given convex bodyK in ℝ                  n                 can be cut into two partsK1 andK2 by a surface with an (n−1)-dimensional measure $\psi$(K) vol(K1){\textperiodcentered}vol(K2)/vol(K). LetM1(K) be the average distance of a point ofK from its center of gravity. We prove for the ``isoperimetric coefficient'' that                                                                          {\%} MathType!MTEF!2!1!+-{\%} feaafiart1ev1aaatCvAUfKttLearuqr1ngBPrgarmWu51MyVXgatC{\%} vAUfeBSjuyZL2yd9gzLbvyNv2CaeHbd9wDYLwzYbItLDharyavP1wz{\%} ZbItLDhis9wBH5garqqtubsr4rNCHbGeaGqiVu0Je9sqqrpepC0xbb{\%} L8F4rqqrFfpeea0xe9Lq-Jc9vqaqpepm0xbba9pwe9Q8fs0-yqaqpe{\%} pae9pg0FirpepeKkFr0xfr-xfr-xb9adbaqaaeGaciGaaiaabeqaam{\%} aaeaqbaaGcbaqegWuDJLgzHbYqV52CVXwzaGGbciaa-H8acqGGOaak{\%} cqWGlbWscqGGPaqkcqGHLjYSdaWcaaqaaiGbcYgaSjabc6gaUjabik{\%} daYaqaaiabd2eannaaBaaaleaacqaIXaqmaeqaaOGaeiikaGIaem4s{\%} aSKaeiykaKcaaaaa!4EFC!                  {\$}{\$}{\backslash}psi (K) {\backslash}geqslant {\backslash}frac{\{}{\{}{\backslash}ln 2{\}}{\}}{\{}{\{}M{\_}1 (K){\}}{\}}{\$}{\$}                , and give other upper and lower bounds. We conjecture that our upper bound is the exact value up to a constant.},
  day      = {01},
  doi      = {10.1007/BF02574061},
  url      = {https://doi.org/10.1007/BF02574061},
}

@Article{Kuperberg2008,
  author   = {Kuperberg, Greg},
  title    = {From the Mahler Conjecture to Gauss Linking Integrals},
  journal  = {Geometric and Functional Analysis},
  year     = {2008},
  volume   = {18},
  number   = {3},
  pages    = {870--892},
  month    = {Sep},
  issn     = {1420-8970},
  abstract = {We establish a version of the bottleneck conjecture, which in turn implies a partial solution to the Mahler conjecture on the product v(K)  = (Vol K)(Vol K{\textdegree}) of the volume of a symmetric convex body                                                                           {\$}{\$}K {\backslash}in {\{}{\backslash}mathbb{\{}R{\}}{\}}^{\{}n{\}}{\$}{\$}                 and its polar body K{\textdegree}. The Mahler conjecture asserts that the Mahler volume v(K) is minimized (non-uniquely) when K is an n-cube. The bottleneck conjecture (in its least general form) asserts that the volume of a certain domain                                                                           {\$}{\$}K^{\{}{\backslash}diamond{\}} {\backslash}subseteq K {\backslash}times K^{\{}{\backslash}circ{\}}{\$}{\$}                 is minimized when K is an ellipsoid. It implies the Mahler conjecture up to a factor of ($\pi$/4)                  n                                                $\gamma$                                                  n                , where $\gamma$                                                  n                 is a monotonic factor that begins at 4/$\pi$ and converges to                                                                           {\$}{\$}{\{}{\backslash}sqrt2{\}}{\$}{\$}                . This strengthens a result of Bourgain and Milman, who showed that there is a constant c such that the Mahler conjecture is true up to a factor of c                                                  n                .},
  day      = {01},
  doi      = {10.1007/s00039-008-0669-4},
  url      = {https://doi.org/10.1007/s00039-008-0669-4},
}

@Article{2016arXiv161206926A,
  author        = {{Akopyan}, A. and {Hubard}, A. and {Karasev}, R.},
  title         = {{Lower and upper bounds for the waists of different spaces}},
  journal       = {ArXiv e-prints},
  year          = {2016},
  month         = dec,
  adsnote       = {Provided by the SAO/NASA Astrophysics Data System},
  adsurl        = {http://adsabs.harvard.edu/abs/2016arXiv161206926A},
  archiveprefix = {arXiv},
  eprint        = {1612.06926},
  keywords      = {Mathematics - Differential Geometry, Mathematics - Metric Geometry, 28A75, 28A78, 52C17},
  primaryclass  = {math.DG},
}

@Article{mahler1939minimalproblem,
  author  = {Mahler, Kurt},
  title   = {Ein minimalproblem f{\"u}r konvexe polygone},
  journal = {Mathematica (Zutphen) B},
  year    = {1939},
  volume  = {7},
  pages   = {118--127},
}

@Article{Filliman1990,
  author   = {Filliman, P.},
  title    = {Exterior algebra and projections of polytopes},
  journal  = {Discrete {\&} Computational Geometry},
  year     = {1990},
  volume   = {5},
  number   = {3},
  pages    = {305--322},
  month    = {Jun},
  issn     = {1432-0444},
  abstract = {This paper explores the metrical properties of convex polytopes by means of the classical Pl{\"u}cker embedding of the GrassmannianG(k, n) ofk-planes inRn into the exterior algebra $\Lambda$kRn. The results follow from the description of the volume of the projection of a polytope into ak-plane by a piecewise linear function onG(k, n). For example, the Hodge-star operator is used to obtain the volume of a polytope from its Gale transform. Also, the classification of the faces ofG(2,n) (orG(n−2,n)) imply that the largest projection within a particular combinatorial type is unique ifk=2 orn−2.},
  day      = {01},
  doi      = {10.1007/BF02187792},
  url      = {https://doi.org/10.1007/BF02187792},
}

@Article{Filliman1988,
  author   = {Filliman, P.},
  title    = {The largest projections of regular polytopes},
  journal  = {Israel Journal of Mathematics},
  year     = {1988},
  volume   = {64},
  number   = {2},
  pages    = {207--228},
  month    = {Jun},
  issn     = {1565-8511},
  abstract = {The projections of the regularn-dimensional simplex and crosspolytope intoR                k with the largestk-volume are determined here for the casesk=2,n≧2 andk=3, 4≦n≦6. The proofs involve a combination of exterior algebra and computer gradient methods.},
  day      = {01},
  doi      = {10.1007/BF02787224},
  url      = {https://doi.org/10.1007/BF02787224},
}

@Article{bricard1897memoire,
  author  = {Bricard, Raoul},
  title   = {M{\'e}moire sur la th{\'e}orie de l'octa{\`e}dre articul{\'e}},
  journal = {Journal de Math{\'e}matiques pures et appliqu{\'e}es},
  year    = {1897},
  volume  = {3},
  pages   = {113--148},
}

@Article{izmestiev2016classification,
  author    = {Izmestiev, Ivan},
  title     = {Classification of flexible Kokotsakis polyhedra with quadrangular base},
  journal   = {International Mathematics Research Notices},
  year      = {2016},
  volume    = {2017},
  number    = {3},
  pages     = {715--808},
  publisher = {Oxford University Press},
}

@Article{pakovich2009prime,
  author    = {Pakovich, Fedor},
  title     = {Prime and composite Laurent polynomials},
  journal   = {Bulletin des sciences mathematiques},
  year      = {2009},
  volume    = {133},
  number    = {7},
  pages     = {693--732},
  publisher = {Elsevier},
}

@Article{Oli2010,
  author  = {Oliveira, Roberto},
  title   = {Sums of random Hermitian matrices and an inequality by Rudelson},
  journal = {Electronic Communications in Probability},
  year    = {2010},
  volume  = {15},
  month   = {04},
  doi     = {10.1214/ECP.v15-1544},
}

@Book{Pi98,
  title     = {Non-commutative vector valued {Lp}-spaces and completely p-summing maps},
  publisher = {Société mathématique de France},
  year      = {1998},
  author    = {Pisier, Gilles},
  address   = {Paris, France},
  url       = {https://search.library.wisc.edu/catalog/999852828402121},
  urldate   = {2018-11-14},
}

@Article{Lu86,
  author     = {Lust-Piquard, Fran\c{c}oise},
  title      = {In\'{e}galit\'{e}s de {K}hintchine dans {$C_p\;(1<p<\infty)$}},
  journal    = {C. R. Acad. Sci. Paris S\'{e}r. I Math.},
  year       = {1986},
  volume     = {303},
  number     = {7},
  pages      = {289--292},
  issn       = {0249-6291},
  fjournal   = {Comptes Rendus des S\'{e}ances de l'Acad\'{e}mie des Sciences. S\'{e}rie I. Math\'{e}matique},
  mrclass    = {47B10 (47D25 60B11)},
  mrnumber   = {859804},
  mrreviewer = {Werner Linde},
}

@Article{LuP91,
  author     = {Lust-Piquard, Fran\c{c}oise and Pisier, Gilles},
  title      = {Noncommutative {K}hintchine and {P}aley inequalities},
  journal    = {Ark. Mat.},
  year       = {1991},
  volume     = {29},
  number     = {2},
  pages      = {241--260},
  issn       = {0004-2080},
  doi        = {10.1007/BF02384340},
  fjournal   = {Arkiv f\"{o}r Matematik},
  mrclass    = {46B09 (46L50 46N30 47B10)},
  mrnumber   = {1150376},
  mrreviewer = {Fumio Hiai},
  url        = {https://doi.org/10.1007/BF02384340},
}

@Article{GLMP04,
  author    = {Gordon, Y. and Litvak, A.E. and Meyer, M. and Pajor, A.},
  title     = {John's Decomposition in the General Case and Applications},
  journal   = {J. Differential Geom.},
  year      = {2004},
  volume    = {68},
  number    = {1},
  pages     = {99--119},
  month     = {09},
  doi       = {10.4310/jdg/1102536711},
  fjournal  = {Journal of Differential Geometry},
  publisher = {Lehigh University},
  url       = {https://doi.org/10.4310/jdg/1102536711},
}

@Article{BR02,
  author     = {Bastero, Jes\'{u}s and Romance, Miguel},
  title      = {John's decomposition of the identity in the non-convex case},
  journal    = {Positivity},
  year       = {2002},
  volume     = {6},
  number     = {1},
  pages      = {1--16},
  issn       = {1385-1292},
  doi        = {10.1023/A:1012087231191},
  fjournal   = {Positivity. An International Journal devoted to the Theory and Applications of Positivity in Analysis},
  mrclass    = {52A21 (46B20 52A40)},
  mrnumber   = {1879566},
  mrreviewer = {Keith Ball},
  url        = {https://doi.org/10.1023/A:1012087231191},
}

@Article{GPT01,
  author     = {Giannopoulos, A. and Perissinaki, I. and Tsolomitis, A.},
  title      = {John's theorem for an arbitrary pair of convex bodies},
  journal    = {Geom. Dedicata},
  year       = {2001},
  volume     = {84},
  number     = {1-3},
  pages      = {63--79},
  issn       = {0046-5755},
  doi        = {10.1023/A:1010327006555},
  fjournal   = {Geometriae Dedicata},
  mrclass    = {52A21 (46B07 52A38 52A40)},
  mrnumber   = {1825345},
  mrreviewer = {Matthieu Fradelizi},
  url        = {https://doi.org/10.1023/A:1010327006555},
}

@Article{L79,
  author     = {Lewis, D. R.},
  title      = {Ellipsoids defined by {B}anach ideal norms},
  journal    = {Mathematika},
  year       = {1979},
  volume     = {26},
  number     = {1},
  pages      = {18--29},
  issn       = {0025-5793},
  doi        = {10.1112/S0025579300009566},
  fjournal   = {Mathematika. A Journal of Pure and Applied Mathematics},
  mrclass    = {46B99 (47D15)},
  mrnumber   = {557122},
  mrreviewer = {T. Figiel},
  url        = {https://doi.org/10.1112/S0025579300009566},
}

@Book{TJ89,
  title      = {Banach-{M}azur distances and finite-dimensional operator ideals},
  publisher  = {Longman Scientific \& Technical, Harlow; copublished in the United States with John Wiley \& Sons, Inc., New York},
  year       = {1989},
  author     = {Tomczak-Jaegermann, Nicole},
  volume     = {38},
  series     = {Pitman Monographs and Surveys in Pure and Applied Mathematics},
  isbn       = {0-582-01374-7},
  mrclass    = {46B20 (47B10 47D30)},
  mrnumber   = {993774},
  mrreviewer = {Yehoram Gordon},
  pages      = {xii+395},
}

@InProceedings{barman2015approximating,
  author       = {Barman, Siddharth},
  title        = {Approximating {N}ash equilibria and dense bipartite subgraphs via an approximate version of {C}aratheodory's theorem},
  booktitle    = {Proceedings of the forty-seventh annual ACM symposium on Theory of computing},
  year         = {2015},
  pages        = {361--369},
  organization = {ACM},
}

@InProceedings{adiprasito2019theorems,
  author       = {Adiprasito, Karim and B{\'a}r{\'a}ny, Imre and Mustafa, Nabil H},
  title        = {Theorems of {C}arath{\'e}odory, {H}elly, and {T}verberg without dimension},
  booktitle    = {Proceedings of the Thirtieth Annual ACM-SIAM Symposium on Discrete Algorithms},
  year         = {2019},
  pages        = {2350--2360},
  organization = {SIAM},
}

@Article{pisier1980remarques,
  author  = {Pisier, Gilles},
  title   = {Remarques sur un r{\'e}sultat non publi{\'e} de {B}. {M}aurey},
  journal = {S{\'e}minaire Analyse fonctionnelle (dit" Maurey-Schwartz")},
  year    = {1980},
  pages   = {1--12},
}

@Article{kadec1958linear,
  author  = {Kadec, MI},
  title   = {Linear dimension of the spaces ${L}_p$ and $\ell_q$},
  journal = {Uspehi Mat. Nauk},
  year    = {1958},
  volume  = {13},
  number  = {6},
  pages   = {95-98},
}

@Article{koldobsky1998application,
  author    = {Koldobsky, Alexander},
  title     = {An application of the {F}ourier transform to sections of star bodies},
  journal   = {Israel Journal of Mathematics},
  year      = {1998},
  volume    = {106},
  number    = {1},
  pages     = {157--164},
  publisher = {Springer},
}

@Article{pisier1975martingales,
  author    = {Pisier, Gilles},
  title     = {Martingales with values in uniformly convex spaces},
  journal   = {Israel Journal of Mathematics},
  year      = {1975},
  volume    = {20},
  number    = {3-4},
  pages     = {326--350},
  publisher = {Springer},
}

@Article{caratheodory1907variabilitatsbereich,
  author    = {Carath{\'e}odory, Constantin},
  title     = {{\"U}ber den Variabilit{\"a}tsbereich der Koeffizienten von Potenzreihen, die gegebene Werte nicht annehmen},
  journal   = {Mathematische Annalen},
  year      = {1907},
  volume    = {64},
  number    = {1},
  pages     = {95--115},
  publisher = {Springer},
}

@InProceedings{cassels1975measures,
  author       = {Cassels, JWS},
  title        = {Measures of the non-convexity of sets and the {S}hapley--{F}olkman--{S}tarr theorem},
  booktitle    = {Mathematical Proceedings of the Cambridge Philosophical Society},
  year         = {1975},
  volume       = {78},
  number       = {3},
  pages        = {433--436},
  organization = {Cambridge University Press},
}

@Article{starr1969quasi,
  author    = {Starr, Ross M},
  title     = {Quasi-equilibria in markets with non-convex preferences},
  journal   = {Econometrica: journal of the Econometric Society},
  year      = {1969},
  pages     = {25--38},
  publisher = {JSTOR},
}

@Comment{jabref-meta: databaseType:bibtex;}
